@article{spalek2007tj,
  title={tJ model then and now: a personal perspective from the pioneering times},
  author={Spalek, Jozef},
  journal={arXiv preprint arXiv:0706.4236},
  year={2007}
}
@article{abanin2018ergodicity,
  title={Ergodicity, Entanglement and Many-Body Localization},
  author={Abanin, Dmitry A and Altman, Ehud and Bloch, Immanuel and Serbyn, Maksym},
  journal={arXiv preprint arXiv:1804.11065},
  year={2018}
}
@article{d2016quantum,
  title={From quantum chaos and eigenstate thermalization to statistical mechanics and thermodynamics},
  author={D'Alessio, Luca and Kafri, Yariv and Polkovnikov, Anatoli and Rigol, Marcos},
  journal={Advances in Physics},
  volume={65},
  number={3},
  pages={239--362},
  year={2016},
  publisher={Taylor \& Francis}
}
@article{atas2013distribution,
  title={Distribution of the ratio of consecutive level spacings in random matrix ensembles},
  author={Atas, YY and Bogomolny, E and Giraud, O and Roux, G},
  journal={Physical review letters},
  volume={110},
  number={8},
  pages={084101},
  year={2013},
  publisher={APS}
}
@book{mehta2004random,
  title={Random matrices},
  author={Mehta, Madan Lal},
  volume={142},
  year={2004},
  publisher={Elsevier}
}
@article{Atas_Distribution_PhysRevLett.110.084101,
  title = {Distribution of the Ratio of Consecutive Level Spacings in Random Matrix Ensembles},
  author = {Atas, Y. Y. and Bogomolny, E. and Giraud, O. and Roux, G.},
  journal = {Phys. Rev. Lett.},
  volume = {110},
  issue = {8},
  pages = {084101},
  numpages = {5},
  year = {2013},
  month = {Feb},
  publisher = {American Physical Society},
  doi = {10.1103/PhysRevLett.110.084101},
  url = {https://link.aps.org/doi/10.1103/PhysRevLett.110.084101}
}

@article{PhysRevB.75.155111,
  title = {Localization of interacting fermions at high temperature},
  author = {Oganesyan, Vadim and Huse, David A.},
  journal = {Phys. Rev. B},
  volume = {75},
  issue = {15},
  pages = {155111},
  numpages = {5},
  year = {2007},
  month = {Apr},
  publisher = {American Physical Society},
  doi = {10.1103/PhysRevB.75.155111},
  url = {https://link.aps.org/doi/10.1103/PhysRevB.75.155111}
}



@article{berry1977level,
  title={Level clustering in the regular spectrum},
  author={Berry, Michael V and Tabor, Michael},
  journal={Proc. R. Soc. Lond. A},
  volume={356},
  number={1686},
  pages={375--394},
  year={1977},
  publisher={The Royal Society}
}
@article{lemut2017complete,
  title={Complete Many-Body Localization in the t- J Model Caused by a Random Magnetic Field},
  author={Lemut, Gal and Mierzejewski, Marcin and Bon{\v{c}}a, Janez},
  journal={Physical review letters},
  volume={119},
  number={24},
  pages={246601},
  year={2017},
  publisher={APS}
}
@article{abul2014unfolding,
  title={Unfolding of the spectrum for chaotic and mixed systems},
  author={Abul-Magd, Ashraf A and Abul-Magd, Adel Y},
  journal={Physica A: Statistical Mechanics and its Applications},
  volume={396},
  pages={185--194},
  year={2014},
  publisher={Elsevier}
}
@article{anderson1958absence,
  title={Absence of diffusion in certain random lattices},
  author={Anderson, Philip W},
  journal={Physical review},
  volume={109},
  number={5},
  pages={1492},
  year={1958},
  publisher={APS}
}
@article{kramer1993localization,
  title={Localization: theory and experiment},
  author={Kramer, Bernhard and MacKinnon, Angus},
  journal={Reports on Progress in Physics},
  volume={56},
  number={12},
  pages={1469},
  year={1993},
  publisher={IOP Publishing}
}
@article{lagendijk2009fifty,
  title={Fifty years of Anderson localization},
  author={Lagendijk, Aart and Van Tiggelen, Bart and Wiersma, Diederik S},
  journal={Phys. Today},
  volume={62},
  number={8},
  pages={24--29},
  year={2009}
}
@book{mott2012electronic,
  title={Electronic processes in non-crystalline materials},
  author={Mott, Nevill Francis and Davis, Edward A},
  year={2012},
  publisher={OUP Oxford}
}
@book{mott1990metal,
  title={Metal-insulator transitions},
  author={Mott, Nevill},
  year={1990},
  publisher={CRC Press}
}
@book{abrahams201050,
  title={50 years of Anderson Localization},
  author={Abrahams, Elihu},
  year={2010},
  publisher={world scientific}
}
@article{doi:10.1080/00018736100101271,
author = { N.F.   Mott  and  W.D.   Twose },
title = {The theory of impurity conduction},
journal = {Advances in Physics},
volume = {10},
number = {38},
pages = {107-163},
year  = {1961},
publisher = {Taylor & Francis},
doi = {10.1080/00018736100101271},

URL = { 
        https://doi.org/10.1080/00018736100101271
    
},
eprint = { 
        https://doi.org/10.1080/00018736100101271
    
}

}
@article{abrahams1979scaling,
  title={Scaling theory of localization: Absence of quantum diffusion in two dimensions},
  author={Abrahams, Elihu and Anderson, PW and Licciardello, DC and Ramakrishnan, TV},
  journal={Physical Review Letters},
  volume={42},
  number={10},
  pages={673},
  year={1979},
  publisher={APS}
}
@article{anderson1978local,
  title={Local moments and localized states},
  author={Anderson, Philip W},
  journal={Reviews of Modern Physics},
  volume={50},
  number={2},
  pages={191},
  year={1978},
  publisher={APS}
}
@article{nandkishore2015many,
  title={Many-body localization and thermalization in quantum statistical mechanics},
  author={Nandkishore, Rahul and Huse, David A},
  journal={Annu. Rev. Condens. Matter Phys.},
  volume={6},
  number={1},
  pages={15--38},
  year={2015},
  publisher={Annual Reviews}
}
@article{vznidarivc2008many,
  title={Many-body localization in the Heisenberg X X Z magnet in a random field},
  author={{\v{Z}}nidari{\v{c}}, Marko and Prosen, Toma{\v{z}} and Prelov{\v{s}}ek, Peter},
  journal={Physical Review B},
  volume={77},
  number={6},
  pages={064426},
  year={2008},
  publisher={APS}
}
@article{PhysRevLett.114.083002,
  title = {Disorder-Induced Localization in a Strongly Correlated Atomic Hubbard Gas},
  author = {Kondov, S. S. and McGehee, W. R. and Xu, W. and DeMarco, B.},
  journal = {Phys. Rev. Lett.},
  volume = {114},
  issue = {8},
  pages = {083002},
  numpages = {5},
  year = {2015},
  month = {Feb},
  publisher = {American Physical Society},
  doi = {10.1103/PhysRevLett.114.083002},
  url = {https://link.aps.org/doi/10.1103/PhysRevLett.114.083002}
}
@article{schreiber2015observation,
  title={Observation of many-body localization of interacting fermions in a quasi-random optical lattice},
  author={Schreiber, Michael and Hodgman, Sean S and Bordia, Pranjal and L{\"u}schen, Henrik P and Fischer, Mark H and Vosk, Ronen and Altman, Ehud and Schneider, Ulrich and Bloch, Immanuel},
  journal={Science},
  pages={aaa7432},
  year={2015},
  publisher={American Association for the Advancement of Science}
}
@article{PhysRevLett.116.140401,
  title = {Coupling Identical one-dimensional Many-Body Localized Systems},
  author = {Bordia, Pranjal and L\"uschen, Henrik P. and Hodgman, Sean S. and Schreiber, Michael and Bloch, Immanuel and Schneider, Ulrich},
  journal = {Phys. Rev. Lett.},
  volume = {116},
  issue = {14},
  pages = {140401},
  numpages = {6},
  year = {2016},
  month = {Apr},
  publisher = {American Physical Society},
  doi = {10.1103/PhysRevLett.116.140401},
  url = {https://link.aps.org/doi/10.1103/PhysRevLett.116.140401}
}
@article{basko2006metal,
  title={Metal--insulator transition in a weakly interacting many-electron system with localized single-particle states},
  author={Basko, DM and Aleiner, IL and Altshuler, BL},
  journal={Annals of physics},
  volume={321},
  number={5},
  pages={1126--1205},
  year={2006},
  publisher={Elsevier}
}
@article{PhysRevA.92.041601,
  title = {Many-body localization and thermalization in disordered Hubbard chains},
  author = {Mondaini, Rubem and Rigol, Marcos},
  journal = {Phys. Rev. A},
  volume = {92},
  issue = {4},
  pages = {041601},
  numpages = {5},
  year = {2015},
  month = {Oct},
  publisher = {American Physical Society},
  doi = {10.1103/PhysRevA.92.041601},
  url = {https://link.aps.org/doi/10.1103/PhysRevA.92.041601}
}
@article{wolfle2010self,
  title={Self-consistent theory of Anderson localization: General formalism and applications},
  author={W{\"o}lfle, P and Vollhardt, D},
  journal={International Journal of Modern Physics B},
  volume={24},
  number={12n13},
  pages={1526--1554},
  year={2010},
  publisher={World Scientific}
}
@article{fleishman1980interactions,
  title={Interactions and the Anderson transition},
  author={Fleishman, L and Anderson, PW},
  journal={Physical Review B},
  volume={21},
  number={6},
  pages={2366},
  year={1980},
  publisher={APS}
}
@article{finkelshtein1983influence,
  title={Influence of Coulomb interaction on the properties of disordered metals},
  author={Finkelshtein, AM},
  journal={Sov. Phys. JETP},
  volume={57},
  number={1},
  pages={97--108},
  year={1983}
}
@article{giamarchi1988anderson,
  title={Anderson localization and interactions in one-dimensional metals},
  author={Giamarchi, Th and Schulz, HJ},
  journal={Physical Review B},
  volume={37},
  number={1},
  pages={325},
  year={1988},
  publisher={APS}
}
@article{altshuler1997quasiparticle,
  title={Quasiparticle lifetime in a finite system: A nonperturbative approach},
  author={Altshuler, Boris L and Gefen, Yuval and Kamenev, Alex and Levitov, Leonid S},
  journal={Physical review letters},
  volume={78},
  number={14},
  pages={2803},
  year={1997},
  publisher={APS}
}
@article{basko2006problem,
  title={On the problem of many-body localization},
  author={Basko, DM and Aleiner, LI and Altshuler, BL},
  journal={Problems of Condensed Matter Physics},
  pages={50--70},
  year={2006}
}
@article{deutsch1991quantum,
  title={Quantum statistical mechanics in a closed system},
  author={Deutsch, Josh M},
  journal={Physical Review A},
  volume={43},
  number={4},
  pages={2046},
  year={1991},
  publisher={APS}
}
@article{srednicki1999approach,
  title={The approach to thermal equilibrium in quantized chaotic systems},
  author={Srednicki, Mark},
  journal={Journal of Physics A: Mathematical and General},
  volume={32},
  number={7},
  pages={1163},
  year={1999},
  publisher={IOP Publishing}
}
@article{rigol2008thermalization,
  title={Thermalization and its mechanism for generic isolated quantum systems},
  author={Rigol, Marcos and Dunjko, Vanja and Olshanii, Maxim},
  journal={Nature},
  volume={452},
  number={7189},
  pages={854},
  year={2008},
  publisher={Nature Publishing Group}
}