@article{spalek2007tj,
  title={tJ model then and now: a personal perspective from the pioneering times},
  author={Spalek, Jozef},
  journal={arXiv preprint arXiv:0706.4236},
  year={2007}
}
@article{abanin2018ergodicity,
  title={Ergodicity, Entanglement and Many-Body Localization},
  author={Abanin, Dmitry A and Altman, Ehud and Bloch, Immanuel and Serbyn, Maksym},
  journal={arXiv preprint arXiv:1804.11065},
  year={2018}
}
@article{d2016quantum,
  title={From quantum chaos and eigenstate thermalization to statistical mechanics and thermodynamics},
  author={D'Alessio, Luca and Kafri, Yariv and Polkovnikov, Anatoli and Rigol, Marcos},
  journal={Advances in Physics},
  volume={65},
  number={3},
  pages={239--362},
  year={2016},
  publisher={Taylor \& Francis}
}
@article{atas2013distribution,
  title={Distribution of the ratio of consecutive level spacings in random matrix ensembles},
  author={Atas, YY and Bogomolny, E and Giraud, O and Roux, G},
  journal={Physical review letters},
  volume={110},
  number={8},
  pages={084101},
  year={2013},
  publisher={APS}
}
@book{mehta2004random,
  title={Random matrices},
  author={Mehta, Madan Lal},
  volume={142},
  year={2004},
  publisher={Elsevier}
}
@article{Atas_Distribution_PhysRevLett.110.084101,
  title = {Distribution of the Ratio of Consecutive Level Spacings in Random Matrix Ensembles},
  author = {Atas, Y. Y. and Bogomolny, E. and Giraud, O. and Roux, G.},
  journal = {Phys. Rev. Lett.},
  volume = {110},
  issue = {8},
  pages = {084101},
  numpages = {5},
  year = {2013},
  month = {Feb},
  publisher = {American Physical Society},
  doi = {10.1103/PhysRevLett.110.084101},
  url = {https://link.aps.org/doi/10.1103/PhysRevLett.110.084101}
}

@article{PhysRevB.75.155111,
  title = {Localization of interacting fermions at high temperature},
  author = {Oganesyan, Vadim and Huse, David A.},
  journal = {Phys. Rev. B},
  volume = {75},
  issue = {15},
  pages = {155111},
  numpages = {5},
  year = {2007},
  month = {Apr},
  publisher = {American Physical Society},
  doi = {10.1103/PhysRevB.75.155111},
  url = {https://link.aps.org/doi/10.1103/PhysRevB.75.155111}
}



@article{berry1977level,
  title={Level clustering in the regular spectrum},
  author={Berry, Michael V and Tabor, Michael},
  journal={Proc. R. Soc. Lond. A},
  volume={356},
  number={1686},
  pages={375--394},
  year={1977},
  publisher={The Royal Society}
}
@article{lemut2017complete,
  title={Complete Many-Body Localization in the t- J Model Caused by a Random Magnetic Field},
  author={Lemut, Gal and Mierzejewski, Marcin and Bon{\v{c}}a, Janez},
  journal={Physical review letters},
  volume={119},
  number={24},
  pages={246601},
  year={2017},
  publisher={APS}
}
@article{abul2014unfolding,
  title={Unfolding of the spectrum for chaotic and mixed systems},
  author={Abul-Magd, Ashraf A and Abul-Magd, Adel Y},
  journal={Physica A: Statistical Mechanics and its Applications},
  volume={396},
  pages={185--194},
  year={2014},
  publisher={Elsevier}
}